@article{art:GERDA2019,
title         = {Probing Majorana neutrinos with double-$\beta$ decay},
author        = {Agostini, M. et al.},
year          = {2019},
journal       = {Science 365},
archivePrefix = {arXiv},
eprint        = {arXiv:1909.02726},
volume        = {1445}
}


@article{art:majorana2019,
title         = {Search for Neutrinoless Double-Beta Decay in $^{76}$Ge with $26$ kg-yr of Exposure from the MAJORANA DEMONSTRATOR},
author        = {Alvis, S.I. et al},
year          = {2019},
journal       = {Phys. Rev. C},
archivePrefix = {arXiv},
eprint        = {arXiv:1902.02299v1},
volume        = {100}
}

@article{art:CUPID2018,
  title = {First Result on the Neutrinoless Double-$\ensuremath{\beta}$ Decay of $^{82}\mathrm{Se}$ with CUPID-0},
  author = {Azzolini, O. et al.},
  journal = {Phys. Rev. Lett.},
  volume = {120},
  issue = {23},
  pages = {232502},
  numpages = {6},
  year = {2018},
  month = {Jun},
  publisher = {American Physical Society},
  doi = {10.1103/PhysRevLett.120.232502},
  url = {https://link.aps.org/doi/10.1103/PhysRevLett.120.232502}
}

@article{art:CUORE2018,
  title = {First Results from CUORE: A Search for Lepton Number Violation via $0\ensuremath{\nu}\ensuremath{\beta}\ensuremath{\beta}$ Decay of $^{130}\mathrm{Te}$},
  author = {Alduino, C. et al.},
  collaboration = {CUORE Collaboration},
  journal = {Phys. Rev. Lett.},
  volume = {120},
  issue = {13},
  pages = {132501},
  numpages = {8},
  year = {2018},
  month = {Mar},
  publisher = {American Physical Society},
  doi = {10.1103/PhysRevLett.120.132501},
  url = {https://link.aps.org/doi/10.1103/PhysRevLett.120.132501}
}


@article{art:EXO2018,
  title = {Search for Neutrinoless Double-Beta Decay with the Upgraded EXO-200 Detector},
  author = {Albert, J. B. et al.},
  collaboration = {EXO-200 Collaboration},
  journal = {Phys. Rev. Lett.},
  volume = {120},
  issue = {7},
  pages = {072701},
  numpages = {6},
  year = {2018},
  month = {Feb},
  publisher = {American Physical Society},
  doi = {10.1103/PhysRevLett.120.072701},
  url = {https://link.aps.org/doi/10.1103/PhysRevLett.120.072701}
}

@article{art:KamLAND2016,
  title = {Search for Majorana Neutrinos Near the Inverted Mass Hierarchy Region with KamLAND-Zen},
  author = {Gando, A. et al.},
  collaboration = {KamLAND-Zen Collaboration},
  journal = {Phys. Rev. Lett.},
  volume = {117},
  issue = {8},
  pages = {082503},
  numpages = {6},
  year = {2016},
  month = {Aug},
  publisher = {American Physical Society},
  doi = {10.1103/PhysRevLett.117.082503},
  url = {https://link.aps.org/doi/10.1103/PhysRevLett.117.082503}
}


@article{art:SuperNEMO2010,
  title = {Probing new physics models of neutrinoless double beta decay with SuperNEMO},
  author = {Arnold, R. et al.},
  collaboration = {SuperNEMO collaboration},
  journal = {Eur. Phys. J. C},
  year = {2010},
  doi = {10.1140/epjc/s10052-010-1481-5}
}



@misc{web:nucleide,
author = {Nucleid database},
eprint = {http://www.nucleide.org}
}

@PhDThesis{CalvezThesis,
title = {Development of reconstruction tools and sensitivity of the SuperNEMO demonstrator},
author = {Clavez, S.},
school = {Université Paris Sud},
year = {2017}}

@article{art:decay0,
  title = {The event generator DECAY4 for simulation of doublebeta processes and decay of radioactive nuclei},
  author = {Ponkratenko O.A., Tretyak V.I. and Zdesenko Yu.G.},
  journal = {Phys. At. Nucl.},
  volume = {63},
  pages = {1282–1287},
  numpages = {5},
  year = {2000},
  month = {Jul},
  doi = {10.1134/1.855784}
}


@misc{internal:SNphysicsCase,
title = {Physics case of SuperNEMO with $^{82}$Se source},
author = {Gomez-Cadenas et al.},
year = {2008},
howpublished = {Internal presentation}
}
